%% Created for and by Leander Fischer on 2020-04-15


%% books


%% papers

@article{Classen:2019tlb,
  author        = {Classen, Lew and Kappes, Alexander and Karg, Timo},
  archiveprefix = {arXiv},
  collaboration = {IceCube},
  eprint        = {1908.10802},
  journal       = {PoS},
  pages         = {855},
  primaryclass  = {astro-ph.HE},
  reportnumber  = {PoS-ICRC2019-855},
  title         = {{A multi-PMT Optical Module for the IceCube Upgrade}},
  volume        = {ICRC2019},
  year          = {2020}
}

@article{vanEijk:2019qvc,
  author        = {van Eijk, D. and Schneider, J. and Unland, M.},
  archiveprefix = {arXiv},
  collaboration = {IceCube},
  eprint        = {1908.08446},
  journal       = {PoS},
  pages         = {1022},
  primaryclass  = {astro-ph.IM},
  reportnumber  = {PoS-ICRC2019-1022},
  title         = {{Characterization of Two PMT Models for the IceCube Upgrade mDOM}},
  volume        = {ICRC2019},
  year          = {2020}
}

@article{Abe:2019vii,
  author        = {Abe, K. and others},
  archiveprefix = {arXiv},
  collaboration = {T2K},
  doi           = {10.1038/s41586-020-2177-0},
  eprint        = {1910.03887},
  journal       = {Nature},
  pages         = {339--344},
  primaryclass  = {hep-ex},
  title         = {{Constraint on the Matter-Antimatter Symmetry-Violating Phase in Neutrino Oscillations}},
  volume        = {580},
  year          = {2020}
}

@article{UnlandElorrieta:2019yhd,
  author        = {Unland Elorrieta, M.A. and Classen, L. and Reubelt, J. and Schmiemann, S. and Schneider, J. and Kappes, A.},
  archiveprefix = {arXiv},
  doi           = {10.1088/1748-0221/14/03/P03015},
  eprint        = {1902.01714},
  journal       = {JINST},
  number        = {03},
  pages         = {P03015},
  primaryclass  = {physics.ins-det},
  title         = {{Characterisation of the Hamamatsu R12199-01 HA MOD photomultiplier tube for low temperature applications}},
  volume        = {14},
  year          = {2019}
}

@article{2020arXiv200409841A,
  author        = {{Anker}, A. and others},
  title         = {{White Paper: ARIANNA-200 high energy neutrino telescope}},
  journal       = {arXiv e-prints},
  keywords      = {Astrophysics - Instrumentation and Methods for Astrophysics},
  year          = 2020,
  month         = apr,
  archiveprefix = {arXiv},
  eprint        = {2004.09841},
  primaryclass  = {astro-ph.IM},
  adsurl        = {https://ui.adsabs.harvard.edu/abs/2020arXiv200409841A},
  adsnote       = {Provided by the SAO/NASA Astrophysics Data System}
}

@article{meows_short,
  author        = {M. G. Aartsen and others},
  collaboration = {IceCube},
  journal       = {PRL},
  title         = {{An eV-scale sterile neutrino search using eight years of atmospheric muon neutrino1data from the IceCube Neutrino Observatory}},
  year          = {2020}
}

@article{Coloma:2017ppo,
  author        = {Coloma, Pilar and Machado, Pedro A.N. and Martinez-Soler, Ivan and Shoemaker, Ian M.},
  title         = {{Double-Cascade Events from New Physics in Icecube}},
  eprint        = {1707.08573},
  archiveprefix = {arXiv},
  primaryclass  = {hep-ph},
  reportnumber  = {FERMILAB-PUB-17-287-T},
  doi           = {10.1103/PhysRevLett.119.201804},
  journal       = {Phys. Rev. Lett.},
  volume        = {119},
  number        = {20},
  pages         = {201804},
  year          = {2017}
}

@article{Haster:2020nxf,
  author        = {Haster, Carl-Johan},
  title         = {{Pi from the sky -- A null test of general relativity from a popuation of gravitational wave observations}},
  eprint        = {2005.05472},
  archiveprefix = {arXiv},
  primaryclass  = {gr-qc},
  reportnumber  = {LIGO-P2000159},
  month         = {5},
  year          = {2020}
}

@article{Zhou:2020oym,
  author        = {Zhou, Shun},
  title         = {{Cosmic Flavor Hexagon for Ultrahigh-energy Neutrinos and Antineutrinos at Neutrino Telescopes}},
  eprint        = {2006.06181},
  archiveprefix = {arXiv},
  primaryclass  = {hep-ph},
  month         = {6},
  year          = {2020}
}

@article{Almazan:2020drb,
  author        = {Almazán, H. and others},
  title         = {{Note on arXiv:2005.05301, 'Preparation of the Neutrino-4 experiment on search for sterile neutrino and the obtained results of measurements'}},
  eprint        = {2006.13147},
  archiveprefix = {arXiv},
  primaryclass  = {hep-ex},
  month         = {6},
  year          = {2020}
}

@article{deSalas:2020pgw,
  author        = {de Salas, P.F. and Forero, D.V. and Gariazzo, S. and Martínez-Miravé, P. and Mena, O. and Ternes, C.A. and Tórtola, M. and Valle, J.W.F.},
  title         = {{2020 Global reassessment of the neutrino oscillation picture}},
  eprint        = {2006.11237},
  archiveprefix = {arXiv},
  primaryclass  = {hep-ph},
  month         = {6},
  year          = {2020}
}

@article{Aguilar-Arevalo:2020nvw,
  author        = {Aguilar-Arevalo, A.A. and others},
  collaboration = {MiniBooNE},
  title         = {{Updated MiniBooNE Neutrino Oscillation Results with Increased Data and New Background Studies}},
  eprint        = {2006.16883},
  archiveprefix = {arXiv},
  primaryclass  = {hep-ex},
  reportnumber  = {LA-UR-20-24753},
  month         = {6},
  year          = {2020}
}

@article{Kelly:2020fkv,
  author        = {Kelly, Kevin James and Machado, Pedro AN and Parke, Stephen J and Perez Gonzalez, Yuber F and Zukanovich-Funchal, Renata},
  title         = {{Back to (Mass-)Square(d) One: The Neutrino Mass Ordering in Light of Recent Data}},
  eprint        = {2007.08526},
  archiveprefix = {arXiv},
  primaryclass  = {hep-ph},
  reportnumber  = {FERMILAB-PUB-20-330-T},
  month         = {7},
  year          = {2020}
}

@article{Aprile:2020tmw,
  author        = {Aprile, E. and others},
  collaboration = {XENON},
  title         = {{Observation of Excess Electronic Recoil Events in XENON1T}},
  eprint        = {2006.09721},
  archiveprefix = {arXiv},
  primaryclass  = {hep-ex},
  month         = {6},
  year          = {2020}
}


@article{Coloma:2019qqj,
  author        = {Coloma, Pilar},
  title         = {{Icecube/DeepCore tests for novel explanations of the MiniBooNE anomaly}},
  eprint        = {1906.02106},
  archiveprefix = {arXiv},
  primaryclass  = {hep-ph},
  doi           = {10.1140/epjc/s10052-019-7256-8},
  journal       = {Eur. Phys. J. C},
  volume        = {79},
  number        = {9},
  pages         = {748},
  year          = {2019}
}

@article{PhysRevD.99.071701,
  title     = {$U(1)$\ensuremath{'} mediated decays of heavy sterile neutrinos in MiniBooNE},
  author    = {Ballett, Peter and Pascoli, Silvia and Ross-Lonergan, Mark},
  journal   = {Phys. Rev. D},
  volume    = {99},
  issue     = {7},
  pages     = {071701},
  numpages  = {7},
  year      = {2019},
  month     = {Apr},
  publisher = {American Physical Society},
  doi       = {10.1103/PhysRevD.99.071701},
  url       = {https://link.aps.org/doi/10.1103/PhysRevD.99.071701}
}

@article{PhysRevLett.121.241801,
  title     = {Dark Neutrino Portal to Explain MiniBooNE Excess},
  author    = {Bertuzzo, Enrico and Jana, Sudip and Machado, Pedro A. N. and Zukanovich Funchal, Renata},
  journal   = {Phys. Rev. Lett.},
  volume    = {121},
  issue     = {24},
  pages     = {241801},
  numpages  = {5},
  year      = {2018},
  month     = {Dec},
  publisher = {American Physical Society},
  doi       = {10.1103/PhysRevLett.121.241801},
  url       = {https://link.aps.org/doi/10.1103/PhysRevLett.121.241801}
}

@article{Handley_2015,
  title     = {polychord: next-generation nested sampling},
  volume    = {453},
  issn      = {1365-2966},
  url       = {http://dx.doi.org/10.1093/mnras/stv1911},
  doi       = {10.1093/mnras/stv1911},
  number    = {4},
  journal   = {Monthly Notices of the Royal Astronomical Society},
  publisher = {Oxford University Press (OUP)},
  author    = {Handley, W. J. and Hobson, M. P. and Lasenby, A. N.},
  year      = {2015},
  month     = {Sep},
  pages     = {4385–4399}
}

@article{Martinez_2017,
  title     = {Comparison of statistical sampling methods with ScannerBit, the GAMBIT scanning module},
  volume    = {77},
  issn      = {1434-6052},
  url       = {http://dx.doi.org/10.1140/epjc/s10052-017-5274-y},
  doi       = {10.1140/epjc/s10052-017-5274-y},
  number    = {11},
  journal   = {The European Physical Journal C},
  publisher = {Springer Science and Business Media LLC},
  author    = {Martinez, Gregory D. and McKay, James and Farmer, Ben and Scott, Pat and Roebber, Elinore and Putze, Antje and Conrad, Jan},
  year      = {2017},
  month     = {Nov}
}

@article{Biscani2020,
  doi       = {10.21105/joss.02338},
  url       = {https://doi.org/10.21105/joss.02338},
  year      = {2020},
  publisher = {The Open Journal},
  volume    = {5},
  number    = {53},
  pages     = {2338},
  author    = {Francesco Biscani and Dario Izzo},
  title     = {A parallel global multiobjective framework for optimization: pagmo},
  journal   = {Journal of Open Source Software}
}

@article{Hogg_2018,
  title     = {Data Analysis Recipes: Using Markov Chain Monte Carlo},
  volume    = {236},
  issn      = {1538-4365},
  url       = {http://dx.doi.org/10.3847/1538-4365/aab76e},
  doi       = {10.3847/1538-4365/aab76e},
  number    = {1},
  journal   = {The Astrophysical Journal Supplement Series},
  publisher = {American Astronomical Society},
  author    = {Hogg, David W. and Foreman-Mackey, Daniel},
  year      = {2018},
  month     = {May},
  pages     = {11}
}

@misc{aker2020bound,
  title         = {Bound on 3+1 active-sterile neutrino mixing from the first four-week science run of KATRIN},
  author        = {M. Aker and others},
  year          = {2020},
  eprint        = {2011.05087},
  archiveprefix = {arXiv},
  primaryclass  = {hep-ex}
}

@article{Mechbal_2020,
  title     = {Measurement of Low-energy Cosmic-Ray Electron and Positron Spectra at 1 au with the AESOP-Lite Spectrometer},
  volume    = {903},
  issn      = {1538-4357},
  url       = {http://dx.doi.org/10.3847/1538-4357/abb46f},
  doi       = {10.3847/1538-4357/abb46f},
  number    = {1},
  journal   = {The Astrophysical Journal},
  publisher = {American Astronomical Society},
  author    = {Mechbal, Sarah and Mangeard, Pierre-Simon and Clem, John M. and Evenson, Paul A. and Johnson, Robert P. and Lucas, Brian and Roth, James},
  year      = {2020},
  month     = {Oct},
  pages     = {21}
}

@article{Pauli:1930pc,
  author  = {Pauli, W.},
  title   = {{Dear radioactive ladies and gentlemen}},
  journal = {Phys. Today},
  volume  = {31N9},
  pages   = {27},
  year    = {1978}
}

@article{Cowan_2011,
  title     = {Asymptotic formulae for likelihood-based tests of new physics},
  volume    = {71},
  issn      = {1434-6052},
  url       = {http://dx.doi.org/10.1140/epjc/s10052-011-1554-0},
  doi       = {10.1140/epjc/s10052-011-1554-0},
  number    = {2},
  journal   = {The European Physical Journal C},
  publisher = {Springer Science and Business Media LLC},
  author    = {Cowan, Glen and Cranmer, Kyle and Gross, Eilam and Vitells, Ofer},
  year      = {2011},
  month     = {Feb}
}

@misc{agostini2020constraints,
  title         = {Constraints on the mass of Majorana neutrinos from Cosmology},
  author        = {M. Agostini and G. Benato and S. Dell'Oro and S. Pirro and F. Vissani},
  year          = {2020},
  eprint        = {2012.13938},
  archiveprefix = {arXiv},
  primaryclass  = {hep-ph}
}

@misc{aujoux2021carbon,
  title         = {Carbon Footprint Study for the GRAND Project},
  author        = {Clarisse Aujoux and Kumiko Kotera and Odile Blanchard},
  year          = {2021},
  eprint        = {2101.02049},
  archiveprefix = {arXiv},
  primaryclass  = {astro-ph.IM}
}

@article{Harris_2020,
  title     = {Array programming with NumPy},
  volume    = {585},
  issn      = {1476-4687},
  url       = {http://dx.doi.org/10.1038/s41586-020-2649-2},
  doi       = {10.1038/s41586-020-2649-2},
  number    = {7825},
  journal   = {Nature},
  publisher = {Springer Science and Business Media LLC},
  author    = {Harris, Charles R. and Millman, K. Jarrod and van der Walt, Stéfan J. and Gommers, Ralf and Virtanen, Pauli and Cournapeau, David and Wieser, Eric and Taylor, Julian and Berg, Sebastian and Smith, Nathaniel J. and et al.},
  year      = {2020},
  month     = {Sep},
  pages     = {357-362}
}

@misc{aker2021analysis,
  title         = {Analysis methods for the first KATRIN neutrino-mass measurement},
  author        = {M. Aker and others},
  year          = {2021},
  eprint        = {2101.05253},
  archiveprefix = {arXiv},
  primaryclass  = {hep-ex}
}

@misc{giunti2021neutrino4,
  title         = {Neutrino-4 anomaly: oscillations or fluctuations?},
  author        = {C. Giunti and Y. F. Li and C. A. Ternes and Y. Y. Zhang},
  year          = {2021},
  eprint        = {2101.06785},
  archiveprefix = {arXiv},
  primaryclass  = {hep-ph}
}

@misc{awedat2020covidclnet,
  title         = {COVID-CLNet: COVID-19 Detection with Compressive Deep Learning Approaches},
  author        = {Khalfalla Awedat and Almabrok Essa},
  year          = {2020},
  eprint        = {2012.02234},
  archiveprefix = {arXiv},
  primaryclass  = {eess.IV}
}

@misc{capdevilla2021guaranteed,
  title         = {A Guaranteed Discovery at Future Muon Colliders},
  author        = {Rodolfo Capdevilla and David Curtin and Yonatan Kahn and Gordan Krnjaic},
  year          = {2021},
  eprint        = {2006.16277},
  archiveprefix = {arXiv},
  primaryclass  = {hep-ph}
}

@article{Aiello:2021cot,
  author        = {Aiello, S. and others},
  collaboration = {KM3NeT},
  title         = {{The KM3NeT potential for the next core-collapse supernova observation with neutrinos}},
  eprint        = {2102.05977},
  archiveprefix = {arXiv},
  primaryclass  = {astro-ph.HE},
  month         = {2},
  year          = {2021}
}

@misc{munoz2021exploring,
  title         = {Exploring the Origin of Supermassive Black Holes with Coherent Neutrino Scattering},
  author        = {Victor Munoz and Volodymyr Takhistov and Samuel J. Witte and George M. Fuller},
  year          = {2021},
  eprint        = {2102.00885},
  archiveprefix = {arXiv},
  primaryclass  = {astro-ph.HE}
}

@article{Aab:2021zfr,
  author        = {Aab, Alexander and others},
  collaboration = {Pierre Auger},
  title         = {{Measurement of the Fluctuations in the Number of Muons in Extensive Air Showers with the Pierre Auger Observatory}},
  eprint        = {2102.07797},
  archiveprefix = {arXiv},
  primaryclass  = {hep-ex},
  reportnumber  = {FERMILAB-PUB-21-202-AD-AE-SCD-TD},
  doi           = {10.1103/PhysRevLett.126.152002},
  journal       = {Phys. Rev. Lett.},
  volume        = {126},
  number        = {15},
  pages         = {152002},
  year          = {2021}
}

@article{Usoskin_2021,
  title     = {Solar cyclic activity over the last millennium reconstructed from annual 14C data},
  issn      = {1432-0746},
  url       = {http://dx.doi.org/10.1051/0004-6361/202140711},
  doi       = {10.1051/0004-6361/202140711},
  journal   = {Astronomy \& Astrophysics},
  publisher = {EDP Sciences},
  author    = {Usoskin, I. and Solanki, S. K. and Krivova, N. and Hofer, B. and Kovaltsov, G. A. and Wacker, L. and Brehm, N. and Kromer, B.},
  year      = {2021},
  month     = {Apr}
}

@article{2012EPJH...37..515S,
  author        = {{Spiering}, Christian},
  title         = {{Towards high-energy neutrino astronomy. A historical review}},
  journal       = {European Physical Journal H},
  keywords      = {Astrophysics - Instrumentation and Methods for Astrophysics, Astrophysics - High Energy Astrophysical Phenomena, Physics - History and Philosophy of Physics},
  year          = 2012,
  month         = aug,
  volume        = {37},
  number        = {3},
  pages         = {515-565},
  doi           = {10.1140/epjh/e2012-30014-2},
  archiveprefix = {arXiv},
  eprint        = {1207.4952},
  primaryclass  = {astro-ph.IM},
  adsurl        = {https://ui.adsabs.harvard.edu/abs/2012EPJH...37..515S},
  adsnote       = {Provided by the SAO/NASA Astrophysics Data System}
}

@misc{hagstotz2021new,
  title         = {A new measurement of the Hubble constant using Fast Radio Bursts},
  author        = {Steffen Hagstotz and Robert Reischke and Robert Lilow},
  year          = {2021},
  eprint        = {2104.04538},
  archiveprefix = {arXiv},
  primaryclass  = {astro-ph.CO}
}

@article{Aaij:2021vac,
  author        = {Aaij, Roel and others},
  collaboration = {LHCb},
  title         = {{Test of lepton universality in beauty-quark decays}},
  eprint        = {2103.11769},
  archiveprefix = {arXiv},
  primaryclass  = {hep-ex},
  reportnumber  = {LHCb-PAPER-2021-004, CERN-EP-2021-042},
  month         = {3},
  year          = {2021}
}

@article{Aartsen:2016nxy,
  author        = {Aartsen, M. G. and others},
  collaboration = {IceCube},
  title         = {{The IceCube Neutrino Observatory: Instrumentation and Online Systems}},
  eprint        = {1612.05093},
  archiveprefix = {arXiv},
  primaryclass  = {astro-ph.IM},
  doi           = {10.1088/1748-0221/12/03/P03012},
  journal       = {JINST},
  volume        = {12},
  number        = {03},
  pages         = {P03012},
  year          = {2017}
}

@article{2019arXiv190302428F,
  author        = {{Fey}, Matthias and {Lenssen}, Jan Eric},
  title         = {{Fast Graph Representation Learning with PyTorch Geometric}},
  journal       = {arXiv e-prints},
  keywords      = {Computer Science - Machine Learning, Statistics - Machine Learning},
  year          = 2019,
  month         = mar,
  archiveprefix = {arXiv},
  eprint        = {1903.02428},
  primaryclass  = {cs.LG},
  adsurl        = {https://ui.adsabs.harvard.edu/abs/2019arXiv190302428F},
  adsnote       = {Provided by the SAO/NASA Astrophysics Data System}
}

@article{2019arXiv191201703P,
  author        = {{Paszke}, Adam and others},
  title         = {{PyTorch: An Imperative Style, High-Performance Deep Learning Library}},
  journal       = {arXiv e-prints},
  keywords      = {Computer Science - Machine Learning, Computer Science - Mathematical Software, Statistics - Machine Learning},
  year          = 2019,
  month         = dec,
  archiveprefix = {arXiv},
  eprint        = {1912.01703},
  primaryclass  = {cs.LG},
  adsurl        = {https://ui.adsabs.harvard.edu/abs/2019arXiv191201703P},
  adsnote       = {Provided by the SAO/NASA Astrophysics Data System}
}

@inproceedings{Licciardi:2021hyi,
  author        = {Licciardi, Matthieu},
  collaboration = {Stereo},
  title         = {{Results of STEREO and PROSPECT, and status of sterile neutrino searches}},
  booktitle     = {{55th Rencontres de Moriond on Electroweak Interactions and Unified Theories}},
  eprint        = {2105.13776},
  archiveprefix = {arXiv},
  primaryclass  = {hep-ex},
  month         = {5},
  year          = {2021}
}

@article{2016arXiv160902907K,
  author        = {{Kipf}, Thomas N. and {Welling}, Max},
  title         = {{Semi-Supervised Classification with Graph Convolutional Networks}},
  journal       = {arXiv e-prints},
  keywords      = {Computer Science - Machine Learning, Statistics - Machine Learning},
  year          = 2016,
  month         = sep,
  archiveprefix = {arXiv},
  eprint        = {1609.02907},
  primaryclass  = {cs.LG},
  adsurl        = {https://ui.adsabs.harvard.edu/abs/2016arXiv160902907K},
  adsnote       = {Provided by the SAO/NASA Astrophysics Data System}
}

@article{Abbasi:2020zmr,
  author        = {Abbasi, R. and others},
  collaboration = {IceCube},
  title         = {{Measurement of Astrophysical Tau Neutrinos in IceCube's High-Energy Starting Events}},
  journal       = {arXiv e-prints},
  eprint        = {2011.03561},
  archiveprefix = {arXiv},
  primaryclass  = {hep-ex},
  month         = {11},
  year          = {2020}
}

@article{ArgoNeuT:2021clc,
  author        = {Acciarri, R. and others},
  collaboration = {ArgoNeuT},
  title         = {{New Constraints on Tau-Coupled Heavy Neutral Leptons with Masses mN=280\textendash{}970\,\,MeV}},
  eprint        = {2106.13684},
  archiveprefix = {arXiv},
  primaryclass  = {hep-ex},
  reportnumber  = {FERMILAB-PUB-21-296-ND-T},
  doi           = {10.1103/PhysRevLett.127.121801},
  journal       = {Phys. Rev. Lett.},
  volume        = {127},
  number        = {12},
  pages         = {121801},
  year          = {2021}
}

@article{Baikal-GVD:2021sbo,
  author        = {Allakhverdyan, V. A. and others},
  collaboration = {Baikal-GVD},
  title         = {{Measuring muon tracks in Baikal-GVD using a fast reconstruction algorithm}},
  eprint        = {2106.06288},
  archiveprefix = {arXiv},
  primaryclass  = {hep-ex},
  month         = {6},
  year          = {2021}
}

@article{Kalaczynski:2021ytv,
  author        = {Kalaczy\'nski, Piotr},
  collaboration = {KM3NeT},
  title         = {{KM3NeT/ORCA: status and perspectives for neutrino oscillation and mass hierarchy measurements}},
  eprint        = {2107.10593},
  archiveprefix = {arXiv},
  primaryclass  = {hep-ex},
  doi           = {10.22323/1.390.0149},
  journal       = {PoS},
  volume        = {ICHEP2020},
  pages         = {149},
  year          = {2021}
}

@article{Boiarska:2021yho,
  author        = {Boiarska, Iryna and Boyarsky, Alexey and Mikulenko, Oleksii and Ovchynnikov, Maksym},
  title         = {{Blast from the past: constraints from the CHARM experiment on Heavy Neutral Leptons with tau mixing}},
  eprint        = {2107.14685},
  archiveprefix = {arXiv},
  primaryclass  = {hep-ph},
  month         = {7},
  year          = {2021}
}

@article{Chianese:2021htv,
  author        = {Chianese, Marco and Fiorillo, Damiano F. G. and Hajjar, Rasmi and Miele, Gennaro and Morisi, Stefano and Saviano, Ninetta},
  title         = {{Heavy decaying dark matter at future neutrino radio telescopes}},
  eprint        = {2103.03254},
  archiveprefix = {arXiv},
  primaryclass  = {hep-ph},
  doi           = {10.1088/1475-7516/2021/05/074},
  journal       = {JCAP},
  volume        = {05},
  pages         = {074},
  year          = {2021}
}

@inproceedings{Muller:2021sxc,
  author        = {Muller, Rasa and Heijboer, Aart and Soto, Alfonso Garcia and Caiffi, Barbara and Sanguineti, Matteo and Kulikovskiy, Vladimir},
  collaboration = {KM3NeT},
  title         = {{Sensitivity estimates for diffuse, point-like and extended neutrino sources with KM3NeT/ARCA}},
  booktitle     = {{9th Very Large Volume Neutrino Telescopes Workshop 2021}},
  eprint        = {2107.13050},
  archiveprefix = {arXiv},
  primaryclass  = {astro-ph.IM},
  doi           = {10.22323/1.395.1077},
  month         = {7},
  year          = {2021}
}

@article{Secrest:2020has,
  author        = {Secrest, Nathan J. and von Hausegger, Sebastian and Rameez, Mohamed and Mohayaee, Roya and Sarkar, Subir and Colin, Jacques},
  title         = {{A Test of the Cosmological Principle with Quasars}},
  eprint        = {2009.14826},
  archiveprefix = {arXiv},
  primaryclass  = {astro-ph.CO},
  doi           = {10.3847/2041-8213/abdd40},
  journal       = {Astrophys. J. Lett.},
  volume        = {908},
  number        = {2},
  pages         = {L51},
  year          = {2021}
}

@article{DUNE:2021mtg,
  author        = {Abud, A. Abed and others},
  collaboration = {DUNE},
  title         = {{Low exposure long-baseline neutrino oscillation sensitivity of the DUNE experiment}},
  eprint        = {2109.01304},
  archiveprefix = {arXiv},
  primaryclass  = {hep-ex},
  reportnumber  = {FERMILAB-PUB-21-391-ND},
  month         = {9},
  year          = {2021}
}

@article{Yanez:2019bnw,
  author        = {Y\'a\~nez, Juan-Pablo and Fedynitch, Anatoli and Montgomery, Tyler},
  title         = {{Calibration of atmospheric neutrino flux calculations using cosmic muon flux and charge ratio measurements}},
  eprint        = {1909.08365},
  archiveprefix = {arXiv},
  primaryclass  = {astro-ph.HE},
  doi           = {10.22323/1.358.0881},
  journal       = {PoS},
  volume        = {ICRC2019},
  pages         = {881},
  year          = {2020}
}

@article{Barr:2006it,
  author        = {Barr, G. D. and Gaisser, T. K. and Robbins, S. and Stanev, Todor},
  title         = {{Uncertainties in Atmospheric Neutrino Fluxes}},
  eprint        = {astro-ph/0611266},
  archiveprefix = {arXiv},
  doi           = {10.1103/PhysRevD.74.094009},
  journal       = {Phys. Rev. D},
  volume        = {74},
  pages         = {094009},
  year          = {2006}
}

@article{Speagle2021,
  author   = {Speagle , Joshua S.
              and Eadie, Gwendolyn M.},
  title    = {Making the sum greater than its parts},
  journal  = {Nature Astronomy},
  year     = {2021},
  month    = {Oct},
  day      = {01},
  volume   = {5},
  number   = {10},
  pages    = {971-972},
  abstract = {Without a proper accounting of known and unknown systematics and uncertainties, combining information across multiple surveys, wavelengths, and detectors may be risky. Realizing the true potential of multi-messenger and panchromatic astrophysics requires getting data integration right.},
  issn     = {2397-3366},
  doi      = {10.1038/s41550-021-01509-7},
  url      = {https://doi.org/10.1038/s41550-021-01509-7}
}

@article{MicroBooNE:2021rmx,
  author        = {Abratenko, P. and others},
  collaboration = {MicroBooNE},
  title         = {{Search for an Excess of Electron Neutrino Interactions in MicroBooNE Using Multiple Final State Topologies}},
  eprint        = {2110.14054},
  archiveprefix = {arXiv},
  primaryclass  = {hep-ex},
  reportnumber  = {FERMILAB-PUB-21-500-ND},
  month         = {10},
  year          = {2021}
}

@article{Bartos:2021tok,
  author        = {Bartos, I. and Veske, D. and Kowalski, M. and Marka, Z. and Marka, S.},
  title         = {{The IceCube Pie Chart: Relative Source Contributions to the Cosmic Neutrino Flux}},
  eprint        = {2105.03792},
  archiveprefix = {arXiv},
  primaryclass  = {astro-ph.HE},
  doi           = {10.3847/1538-4357/ac1c7b},
  journal       = {Astrophys. J.},
  volume        = {921},
  number        = {1},
  pages         = {45},
  year          = {2021}
}

@inproceedings{Reichherzer:2021qtq,
  author        = {Reichherzer, P. and Sch\"ussler, F. and Lefranc, V. and Alkan, A. and Tjus, J. Becker},
  title         = {{Realtime alerts of the transient sky on mobile devices}},
  eprint        = {2111.05427},
  archiveprefix = {arXiv},
  primaryclass  = {astro-ph.IM},
  month         = {11},
  year          = {2021}
}

@article{Khachatryan2021,
  author   = {Khachatryan, M. and others},
  title    = {Electron-beam energy reconstruction for neutrino oscillation measurements},
  journal  = {Nature},
  year     = {2021},
  month    = {Nov},
  day      = {01},
  volume   = {599},
  number   = {7886},
  pages    = {565-570},
  abstract = {Neutrinos exist in one of three types or `flavours'---electron, muon and tau neutrinos---and oscillate from one flavour to another when propagating through space. This phenomena is one of the few that cannot be described using the standard model of particle physics (reviewed in ref.{\thinspace}1), and so its experimental study can provide new insight into the nature of our Universe (reviewed in ref.{\thinspace}2). Neutrinos oscillate as a function of their propagation distance (L) divided by their energy (E). Therefore, experiments extract oscillation parameters by measuring their energy distribution at different locations. As accelerator-based oscillation experiments cannot directly measure E, the interpretation of these experiments relies heavily on phenomenological models of neutrino--nucleus interactions to infer E. Here we exploit the similarity of electron--nucleus and neutrino--nucleus interactions, and use electron scattering data with known beam energies to test energy reconstruction methods and interaction models. We find that even in simple interactions where no pions are detected, only a small fraction of events reconstruct to the correct incident energy. More importantly, widely used interaction models reproduce the reconstructed energy distribution only qualitatively and the quality of the reproduction varies strongly with beam energy. This shows both the need and the pathway to improve current models to meet the requirements of next-generation, high-precision experiments such as Hyper-Kamiokande (Japan)3 and DUNE (USA)4.},
  issn     = {1476-4687},
  doi      = {10.1038/s41586-021-04046-5},
  url      = {https://doi.org/10.1038/s41586-021-04046-5}
}

@article{Soto:2021vdc,
  author        = {Soto, Alfonso Garcia and Zhelnin, Pavel and Safa, Ibrahim and Arg\"uelles, Carlos A.},
  title         = {{Tau Appearance from High-Energy Neutrino Interactions}},
  eprint        = {2112.06937},
  archiveprefix = {arXiv},
  primaryclass  = {hep-ph},
  month         = {12},
  year          = {2021}
}

@article{Arguelles:2022bvt,
  author        = {Arg\"uelles, Carlos A. and Bert\'olez-Mart\'\i{}nez, Toni and Salvado, Jordi},
  title         = {{Impact of Wave Package Separation in Low-Energy Sterile Neutrino Searches}},
  eprint        = {2201.05108},
  archiveprefix = {arXiv},
  primaryclass  = {hep-ph},
  month         = {1},
  year          = {2022}
}

@article{Kowalski:2005tz,
  author        = {Kowalski, Marek},
  title         = {{Measuring diffuse neutrino fluxes with IceCube}},
  eprint        = {astro-ph/0505506},
  archiveprefix = {arXiv},
  doi           = {10.1088/1475-7516/2005/05/010},
  journal       = {JCAP},
  volume        = {05},
  pages         = {010},
  year          = {2005}
}

@article{Georgi:2022jfv,
  author        = {Georgi, Howard},
  title         = {{Physics in a diverse world or A Spherical Cow Model of Physics Talent}},
  eprint        = {2203.09485},
  archiveprefix = {arXiv},
  primaryclass  = {physics.ed-ph},
  month         = {3},
  year          = {2022}
}

@article{ANTARES:2022zbr,
  author        = {Albert, A. and others},
  collaboration = {ANTARES},
  title         = {{Search for magnetic monopoles with ten years of the ANTARES neutrino telescope}},
  eprint        = {2202.13786},
  archiveprefix = {arXiv},
  primaryclass  = {astro-ph.HE},
  doi           = {10.1016/j.jheap.2022.03.001},
  journal       = {JHEAp},
  volume        = {34},
  pages         = {1--8},
  year          = {2022}
}

@article{Abbasi:2022lnc,
  author        = {Abbasi, R. and others},
  title         = {{First Search for Unstable Sterile Neutrinos with the IceCube Neutrino Observatory}},
  eprint        = {2204.00612},
  archiveprefix = {arXiv},
  primaryclass  = {hep-ex},
  month         = {4},
  year          = {2022}
}

@article{CUORE:2022jto,
  author        = {Adams, D. Q. and others},
  collaboration = {CUORE},
  title         = {{Search for Majorana neutrinos exploiting millikelvin cryogenics with CUORE}},
  doi           = {10.1038/s41586-022-04497-4},
  journal       = {Nature},
  volume        = {604},
  number        = {7904},
  pages         = {53--58},
  year          = {2022}
}

@article{doi:10.1126/science.abk1781,
  author  = {T. Aaltonen  and others},
  title   = {High-precision measurement of the <i>W</i> boson mass with the CDF II detector},
  journal = {Science},
  volume  = {376},
  number  = {6589},
  pages   = {170-176},
  year    = {2022},
  doi     = {10.1126/science.abk1781}
}

@article{IceCube:2018ikn,
  author        = {Aartsen, M. G. and others},
  collaboration = {IceCube},
  title         = {{Computational techniques for the analysis of small signals in high-statistics neutrino oscillation experiments}},
  eprint        = {1803.05390},
  archiveprefix = {arXiv},
  primaryclass  = {physics.data-an},
  doi           = {10.1016/j.nima.2020.164332},
  journal       = {Nucl. Instrum. Meth. A},
  volume        = {977},
  pages         = {164332},
  year          = {2020}
}

@article{IceCube:2013dkx,
  author        = {Aartsen, M. G. and others},
  collaboration = {IceCube},
  title         = {{Energy Reconstruction Methods in the IceCube Neutrino Telescope}},
  eprint        = {1311.4767},
  archiveprefix = {arXiv},
  primaryclass  = {physics.ins-det},
  doi           = {10.1088/1748-0221/9/03/P03009},
  journal       = {JINST},
  volume        = {9},
  pages         = {P03009},
  year          = {2014}
}

@article{NOMAD:2001eyx,
  author        = {Astier, P. and others},
  collaboration = {NOMAD},
  title         = {{Search for heavy neutrinos mixing with tau neutrinos}},
  eprint        = {hep-ex/0101041},
  archiveprefix = {arXiv},
  reportnumber  = {CERN-EP-2001-005},
  doi           = {10.1016/S0370-2693(01)00362-8},
  journal       = {Phys. Lett. B},
  volume        = {506},
  pages         = {27--38},
  year          = {2001}
}

@article{Orloff:2002de,
  author        = {Orloff, J. and Rozanov, Alexandre N. and Santoni, C.},
  title         = {{Limits on the mixing of tau neutrino to heavy neutrinos}},
  eprint        = {hep-ph/0208075},
  archiveprefix = {arXiv},
  reportnumber  = {PCCF-RI-0205},
  doi           = {10.1016/S0370-2693(02)02769-7},
  journal       = {Phys. Lett. B},
  volume        = {550},
  pages         = {8--15},
  year          = {2002}
}

@article{DELPHI:1996qcc,
  author        = {Abreu, P. and others},
  collaboration = {DELPHI},
  title         = {{Search for neutral heavy leptons produced in Z decays}},
  reportnumber  = {CERN-PPE-96-195},
  doi           = {10.1007/s002880050370},
  journal       = {Z. Phys. C},
  volume        = {74},
  pages         = {57--71},
  year          = {1997},
  note          = {[Erratum: Z.Phys.C 75, 580 (1997)]}
}

@article{Abdullahi:2022cdw,
  author        = {Abdullahi, Asli M. and Zink, Jaime Hoefken and Hostert, Matheus and Massaro, Daniele and Pascoli, Silvia},
  title         = {{DarkNews: a Python-based event generator for heavy neutral lepton production in neutrino-nucleus scattering}},
  eprint        = {2207.04137},
  archiveprefix = {arXiv},
  primaryclass  = {hep-ph},
  reportnumber  = {CP3-22-36},
  month         = {7},
  year          = {2022}
}

@article{Gorbunov:2007ak,
  author        = {Gorbunov, Dmitry and Shaposhnikov, Mikhail},
  title         = {{How to find neutral leptons of the $\nu$MSM?}},
  eprint        = {0705.1729},
  archiveprefix = {arXiv},
  primaryclass  = {hep-ph},
  doi           = {10.1088/1126-6708/2007/10/015},
  journal       = {JHEP},
  volume        = {10},
  pages         = {015},
  year          = {2007},
  note          = {[Erratum: JHEP 11, 101 (2013)]}
}

@article{IceCube:2011ucd,
  author        = {Abbasi, R. and others},
  collaboration = {IceCube},
  title         = {{The Design and Performance of IceCube DeepCore}},
  eprint        = {1109.6096},
  archiveprefix = {arXiv},
  primaryclass  = {astro-ph.IM},
  doi           = {10.1016/j.astropartphys.2012.01.004},
  journal       = {Astropart. Phys.},
  volume        = {35},
  pages         = {615--624},
  year          = {2012}
}

@article{PhysRevD.98.030001,
  title         = {Review of Particle Physics},
  author        = {Tanabashi, M. and others},
  collaboration = {Particle Data Group},
  journal       = {Phys. Rev. D},
  volume        = {98},
  issue         = {3},
  pages         = {030001},
  numpages      = {1898},
  year          = {2018},
  month         = {Aug},
  publisher     = {American Physical Society},
  doi           = {10.1103/PhysRevD.98.030001},
  url           = {https://link.aps.org/doi/10.1103/PhysRevD.98.030001}
}

@article{10.1143/PTP.64.1103,
  author   = {Yanagida, Tsutomu},
  title    = {{Horizontal Symmetry and Masses of Neutrinos}},
  journal  = {Progress of Theoretical Physics},
  volume   = {64},
  number   = {3},
  pages    = {1103-1105},
  year     = {1980},
  month    = {09},
  abstract = {{Assuming a horizontal symmetry SUF(n), we demonstrate a possibility that the left-handed neutrinos receive masses of order 1eV, which is consistent with recent experiments on neutrino oscillations. The smallness of the neutrino masses is an indication of a large breaking of the horizontal symmetry.}},
  issn     = {0033-068X},
  doi      = {10.1143/PTP.64.1103},
  url      = {https://doi.org/10.1143/PTP.64.1103},
  eprint   = {https://academic.oup.com/ptp/article-pdf/64/3/1103/5394376/64-3-1103.pdf}
}

@article{2022arXiv220902479L,
  author        = {{Loeb}, Abraham},
  title         = {{Overview of the Galileo Project}},
  journal       = {arXiv e-prints},
  keywords      = {Physics - Popular Physics, Astrophysics - Earth and Planetary Astrophysics, Astrophysics - Instrumentation and Methods for Astrophysics},
  year          = 2022,
  month         = aug,
  eid           = {arXiv:2209.02479},
  pages         = {arXiv:2209.02479},
  archiveprefix = {arXiv},
  eprint        = {2209.02479},
  primaryclass  = {physics.pop-ph},
  adsurl        = {https://ui.adsabs.harvard.edu/abs/2022arXiv220902479L},
  adsnote       = {Provided by the SAO/NASA Astrophysics Data System}
}

@article{Gninenko:2009ks,
  author        = {Gninenko, S. N.},
  title         = {{The MiniBooNE anomaly and heavy neutrino decay}},
  eprint        = {0902.3802},
  archiveprefix = {arXiv},
  primaryclass  = {hep-ph},
  doi           = {10.1103/PhysRevLett.103.241802},
  journal       = {Phys. Rev. Lett.},
  volume        = {103},
  pages         = {241802},
  year          = {2009}
}

@article{Gustafson:2022rsz,
  author        = {Gustafson, R. Andrew and Plestid, Ryan and Shoemaker, Ian M.},
  title         = {{Neutrino Portals, Terrestrial Upscattering, and Atmospheric Neutrinos}},
  eprint        = {2205.02234},
  archiveprefix = {arXiv},
  primaryclass  = {hep-ph},
  reportnumber  = {FERMILAB-PUB-22-250-V},
  month         = {5},
  year          = {2022}
}

@article{BeckerTjus:2022brk,
  author        = {Becker Tjus, J. and Jaroschewski, I. and Ghorbanietemad, A. and Bartos, I. and Kun, E. and Biermann, P. L.},
  title         = {{Neurino Cadence of TXS\textasciitilde{}0506+056 Consistent with Supermassive Binary Origin}},
  eprint        = {2210.00202},
  archiveprefix = {arXiv},
  primaryclass  = {astro-ph.HE},
  month         = {10},
  year          = {2022}
}

@article{Levy:2004rk,
  author        = {Levy, Jean-Michel},
  title         = {{Cross-section and polarization of neutrino-produced tau's made simple}},
  eprint        = {hep-ph/0407371},
  archiveprefix = {arXiv},
  reportnumber  = {LPNHE-2004-09},
  doi           = {10.1088/0954-3899/36/5/055002},
  journal       = {J. Phys. G},
  volume        = {36},
  pages         = {055002},
  year          = {2009}
}

@article{stereo_final_results,
  author  = {Almazán, H. and others},
  year    = {2023},
  month   = {01},
  pages   = {257-261},
  title   = {STEREO neutrino spectrum of 235U fission rejects sterile neutrino hypothesis},
  volume  = {613},
  journal = {Nature},
  doi     = {10.1038/s41586-022-05568-2}
}

@article{Li:2023tbx,
  author        = {Li, Peiran and Liu, Zhen and Lyu, Kun-Feng},
  title         = {{Heavy Neutral Leptons at Muon Colliders}},
  eprint        = {2301.07117},
  archiveprefix = {arXiv},
  primaryclass  = {hep-ph},
  month         = {1},
  year          = {2023}
}

@article{Ovchynnikov:2023wgg,
  author        = {Ovchynnikov, Maksym and Zhu, Jing-Yu},
  title         = {{Search for the dipole portal of heavy neutral leptons at future colliders}},
  eprint        = {2301.08592},
  archiveprefix = {arXiv},
  primaryclass  = {hep-ph},
  month         = {1},
  year          = {2023}
}

@article{Coloma:2020lgy,
  author        = {Coloma, Pilar and Fern\'andez-Mart\'\i{}nez, Enrique and Gonz\'alez-L\'opez, Manuel and Hern\'andez-Garc\'\i{}a, Josu and Pavlovic, Zarko},
  title         = {{GeV-scale neutrinos: interactions with mesons and DUNE sensitivity}},
  eprint        = {2007.03701},
  archiveprefix = {arXiv},
  primaryclass  = {hep-ph},
  reportnumber  = {FERMILAB-PUB-20-269-ND},
  doi           = {10.1140/epjc/s10052-021-08861-y},
  journal       = {Eur. Phys. J. C},
  volume        = {81},
  number        = {1},
  pages         = {78},
  year          = {2021}
}

@article{codata2018,
  title     = {CODATA recommended values of the fundamental physical constants: 2018},
  author    = {Tiesinga, Eite and Mohr, Peter J. and Newell, David B. and Taylor, Barry N.},
  journal   = {Rev. Mod. Phys.},
  volume    = {93},
  issue     = {2},
  pages     = {025010},
  numpages  = {63},
  year      = {2021},
  month     = {Jun},
  publisher = {American Physical Society},
  doi       = {10.1103/RevModPhys.93.025010},
  url       = {https://link.aps.org/doi/10.1103/RevModPhys.93.025010}
}



%% theses

@mastersthesis{ROrsoe,
  author  = {Orsoe, Rasmus},
  title   = {{A graph neural network approach to low energy event reconstruction in icecube neutrino observatory}},
  school  = {Niels Bohr Institute, University of Copenhagen},
  address = {Copenhagen, Denmark},
  year    = {2021}
}

@mastersthesis{PHallen,
  author  = {Hallen, Patrick},
  title   = {{On the Measurement of High-Energy Tau Neutrinos with IceCube}},
  school  = {RWTH Aachen Universisty},
  address = {Aachen, Germany},
  year    = {2013}
}

@mastersthesis{DGuderian,
  author  = {Guderian, Daniel},
  title   = {{Performance and optimization studies on the time-over-threshold readout of the multi-PMT optical module for future icecube extentions}},
  school  = {Westfälische Wilhelms-Universität},
  address = {Münster, Germany},
  year    = {2018},
  url     = {https://www.uni-muenster.de/imperia/md/content/physik_kp/agkappes/abschlussarbeiten/masterarbeiten/die_arbeit.pdf}
}

@phdthesis{LClassen,
  author  = {Classen, Lew},
  title   = {{The mDOM - a multi-PMT digital optical module for the IceCube-Gen2 neutrino telescope}},
  school  = {Friedrich-Alexander-Universit},
  address = {Erlangen-Nürnberg, Germany},
  year    = {2017},
  url     = {https://www.uni-muenster.de/imperia/md/content/physik_kp/agkappes/abschlussarbeiten/doktorarbeiten/1702-phd_lclassen.pdf}
}

@phdthesis{MHostert,
  author  = {Hostert, Matheus},
  title   = {{Hidden Physics at the Neutrino Frontier: Tridents, Dark Forces, and Hidden Particles}},
  school  = {Durham University},
  address = {Durham, England},
  year    = {2019},
  url     = {http://etheses.dur.ac.uk/13289/}
}

@phdthesis{MUsner,
  author  = {Usner, Marcel},
  title   = {{Search for Astrophysical Tau-Neutrinos in Six Years of High-Energy Starting Events in the IceCube Detector}},
  school  = {Humboldt-Universität zu Berlin, Mathematisch-Naturwissenschaftliche Fakultät},
  address = {Berlin, Germany},
  year    = {2018},
  doi     = {10.18452/19458}
}

@article{IceCube:2020tcq,
  author        = {Abbasi, R. and others},
  collaboration = {IceCube},
  title         = {{LeptonInjector and LeptonWeighter: A neutrino event generator and weighter for neutrino observatories}},
  eprint        = {2012.10449},
  archiveprefix = {arXiv},
  primaryclass  = {physics.comp-ph},
  doi           = {10.1016/j.cpc.2021.108018},
  journal       = {Comput. Phys. Commun.},
  volume        = {266},
  pages         = {108018},
  year          = {2021}
}


%% reports


%% misc
